@book{fernandez2024keymetaphors,
  author       = {Javier Fernández-Sebastián},
  title        = {Key Metaphors for History: Mirrors of Time},
  year         = {2024},
  publisher    = {Taylor \& Francis},
  address      = {Abingdon, UK},
  isbn         = {978-1-138-35446-3}
}

@article{vaswani2017attention,
  author       = {Ashish Vaswani and Noam Shazeer and Niki Parmar and Jakob Uszkoreit and Llion Jones and Aidan N. Gomez and {\L}ukasz Kaiser and Illia Polosukhin},
  title        = {Attention Is All You Need},
  journal      = {arXiv preprint},
  eprint       = {1706.03762},
  archivePrefix= {arXiv},
  primaryClass = {cs.CL},
  year         = {2017},
  url          = {https://arxiv.org/abs/1706.03762}
}

@article{xiong2020layernorm,
  author       = {Ruibin Xiong and Yunchang Yang and Di He and Kai Zheng and Shuxin Zheng and Chen Xing and Huishuai Zhang and Yanyan Lan and Liwei Wang and Tie--Yan Liu},
  title        = {On Layer Normalization in the Transformer Architecture},
  journal      = {arXiv preprint},
  eprint       = {2002.04745},
  archivePrefix= {arXiv},
  primaryClass = {cs.LG},
  year         = {2020},
  url          = {https://arxiv.org/abs/2002.04745}
}

@inproceedings{choi2021melbert,
  author       = {Minjin Choi and Sunkyung Lee and Hoyoung Jeong and Hyuna Chun and Haedong Kim},
  title        = {MelBERT: Metaphor Detection via Contextualized Late Interaction Using Metaphorical Identification Theories},
  booktitle    = {Proceedings of the Annual Meeting of the Association for Computational Linguistics},
  year         = {2021},
  eprint       = {2104.13615},
  archivePrefix= {arXiv},
  url          = {https://arxiv.org/abs/2104.13615}
}

@article{lin2024dualperspective,
  author       = {Yujie Lin and Jing Wang and Wei Zhao and Rui Wang and Xiaodan Liang},
  title        = {A Dual-Perspective Metaphor Detection Framework Using Large Language Models},
  journal      = {arXiv preprint},
  eprint       = {2412.17332},
  archivePrefix= {arXiv},
  primaryClass = {cs.CL},
  year         = {2024},
  url          = {https://arxiv.org/abs/2412.17332}
}

@article{prystawski2023cotmetaphor,
  author       = {Ben Prystawski and Paul Thibodeau and Christopher Potts and Noah D. Goodman},
  title        = {Psychologically-Informed Chain-of-Thought Prompts for Metaphor Understanding in Large Language Models},
  journal      = {arXiv preprint},
  eprint       = {2209.08141},
  archivePrefix= {arXiv},
  primaryClass = {cs.CL},
  year         = {2023},
  url          = {https://arxiv.org/abs/2209.08141}
}

@article{montanelli2023csssurvey,
  author       = {Marco Montanelli and Sara Periti},
  title        = {A Survey on Contextualised Semantic Shift Detection},
  journal      = {arXiv preprint},
  eprint       = {2304.01666},
  archivePrefix= {arXiv},
  primaryClass = {cs.CL},
  year         = {2023},
  url          = {https://arxiv.org/abs/2304.01666}
}

@article{lewis2020rag,
  author       = {Patrick Lewis and Ethan Perez and Aleksandra Piktus and Fabio Petroni and Vladimir Karpukhin and Naman Goyal and Heinrich Küttler and Mike Lewis and Wen--tau Yih and Tim Rockt{\"a}schel and Sebastian Riedel and Douwe Kiela},
  title        = {Retrieval-Augmented Generation for Knowledge-Intensive NLP Tasks},
  journal      = {arXiv preprint},
  eprint       = {2005.11401},
  archivePrefix= {arXiv},
  primaryClass = {cs.CL},
  year         = {2020},
  url          = {https://arxiv.org/abs/2005.11401}
}

@article{armaselu2024multilingual,
  author       = {Florentina Armaselu and Barbara McGillivray and Chaya Liebeskind and Paola Marongiu and Giedrė Valūnaitė Oleškevičienė and Elena--Simona Apostol and Ciprian--Octavian Truică},
  title        = {Multilingual Word Embedding and Linguistic Linked Open Data for Tracing Semantic Change},
  journal      = {Rasprave Instituta za hrvatski jezik i jezikoslovlje},
  volume       = {50},
  number       = {2},
  pages        = {219--244},
  year         = {2024},
  doi          = {10.31724/rihjj.50.2.1}
}

@article{bonaldo2024tokens,
  author       = {Rodrigo Bragio Bonaldo},
  title        = {As palavras e os tokens: Projeção vetorial aplicada ao estudo da semântica dos tempos históricos},
  journal      = {Revista de Teoria da História},
  volume       = {27},
  number       = {1},
  pages        = {7--50},
  year         = {2024},
  doi          = {10.5216/rth.v27i1.79370}
}

@inproceedings{dankin2022yesno,
  author       = {Lena Dankin and Kfir Bar and Nachum Dershowitz},
  title        = {Can Yes-No Question-Answering Models be Useful for Few-Shot Metaphor Detection?},
  booktitle    = {Proceedings of the 3rd Workshop on Figurative Language Processing (FLP)},
  year         = {2022},
  pages        = {125--130},
  address      = {Abu Dhabi, United Arab Emirates},
  publisher    = {Association for Computational Linguistics},
  doi          = {10.18653/v1/2022.flp-1.17}
}
